@article{MR3187626,
  author     = {Adachi, Takahide and Iyama, Osamu and Reiten, Idun},
  title      = {{$\tau$}-tilting theory},
  journal    = {Compos. Math.},
  fjournal   = {Compositio Mathematica},
  volume     = {150},
  year       = {2014},
  number     = {3},
  pages      = {415--452},
  issn       = {0010-437X},
  mrclass    = {16G10 (16E35 16S90 18E40)},
  mrnumber   = {3187626},
  mrreviewer = {Octavio Mendoza Hern\'{a}ndez},
  doi        = {10.1112/S0010437X13007422},
  url        = {https://doi.org/10.1112/S0010437X13007422}
}
@book{MR860771,
  author     = {Alperin, J. L.},
  title      = {Local representation theory},
  series     = {Cambridge Studies in Advanced Mathematics},
  volume     = {11},
  publisher  = {Cambridge University Press, Cambridge},
  year       = {1986},
  pages      = {x+178},
  isbn       = {0-521-30660-4; 0-521-44926-X},
  mrclass    = {20-02 (20C20)},
  mrnumber   = {860771},
  mrreviewer = {Peter W. Donovan},
  doi        = {10.1017/CBO9780511623592},
  url        = {https://doi.org/10.1017/CBO9780511623592}
}
@book{MR3821517,
  author     = {Linckelmann, Markus},
  title      = {The block theory of finite group algebras. {V}ol. {II}},
  series     = {London Mathematical Society Student Texts},
  volume     = {92},
  publisher  = {Cambridge University Press, Cambridge},
  year       = {2018},
  pages      = {xi+510},
  isbn       = {978-1-108-42590-2; 978-1-108-44180-3; 978-1-108-44190-2},
  mrclass    = {20C20 (16-02 16D90 20-02)},
  mrnumber   = {3821517},
  mrreviewer = {Burkhard K\"{u}lshammer}
}
		
@book{MR3821516,
  author     = {Linckelmann, Markus},
  title      = {The block theory of finite group algebras. {V}ol. {I}},
  series     = {London Mathematical Society Student Texts},
  volume     = {91},
  publisher  = {Cambridge University Press, Cambridge},
  year       = {2018},
  pages      = {x+515},
  isbn       = {978-1-108-42591-9; 978-1-108-44183-4; 978-1-108-44190-2},
  mrclass    = {20C20 (16-02 16S34 16T05 20-02)},
  mrnumber   = {3821516},
  mrreviewer = {Burkhard K\"{u}lshammer}
}
@article{kase2017support,
  title   = {From support {$\tau$}-tilting posets to algebras},
  author  = {Kase, Ryoichi},
  journal = {arXiv preprint arXiv:1709.05049},
  year    = {2017}
}
@article{MR1880662,
  author     = {Hoshino, Mitsuo and Kato, Yoshiaki},
  title      = {Tilting complexes defined by idempotents},
  journal    = {Comm. Algebra},
  fjournal   = {Communications in Algebra},
  volume     = {30},
  year       = {2002},
  number     = {1},
  pages      = {83--100},
  issn       = {0092-7872},
  mrclass    = {16E05 (16D90 16G10)},
  mrnumber   = {1880662},
  mrreviewer = {Jan Trlifaj},
  doi        = {10.1081/AGB-120006480},
  url        = {https://doi.org/10.1081/AGB-120006480}
}
@article{MR131454,
  author     = {Green, J. A.},
  title      = {On the indecomposable representations of a finite group},
  journal    = {Math. Z.},
  fjournal   = {Mathematische Zeitschrift},
  volume     = {70},
  year       = {1958/59},
  pages      = {430--445},
  issn       = {0025-5874},
  mrclass    = {20.80},
  mrnumber   = {131454},
  mrreviewer = {H. Boerner},
  doi        = {10.1007/BF01558601},
  url        = {https://doi.org/10.1007/BF01558601}
}
@article{MR2592757,
  author     = {Holloway, Miles and Koshitani, Shigeo and Kunugi, Naoko},
  title      = {Blocks with nonabelian defect groups which have cyclic
                subgroups of index {$p$}},
  journal    = {Arch. Math. (Basel)},
  fjournal   = {Archiv der Mathematik},
  volume     = {94},
  year       = {2010},
  number     = {2},
  pages      = {101--116},
  issn       = {0003-889X},
  mrclass    = {20C20},
  mrnumber   = {2592757},
  mrreviewer = {Gabriel Navarro},
  doi        = {10.1007/s00013-009-0075-7},
  url        = {https://doi.org/10.1007/s00013-009-0075-7}
}
@article{MR2927802,
  author     = {Aihara, Takuma and Iyama, Osamu},
  title      = {Silting mutation in triangulated categories},
  journal    = {J. Lond. Math. Soc. (2)},
  fjournal   = {Journal of the London Mathematical Society. Second Series},
  volume     = {85},
  year       = {2012},
  number     = {3},
  pages      = {633--668},
  issn       = {0024-6107},
  mrclass    = {18E30 (16E35)},
  mrnumber   = {2927802},
  mrreviewer = {Andrei Marcus},
  doi        = {10.1112/jlms/jdr055},
  url        = {https://doi.org/10.1112/jlms/jdr055}
}
@article{MR3848421,
  author     = {Adachi, Takahide and Aihara, Takuma and Chan, Aaron},
  title      = {Classification of two-term tilting complexes over {B}rauer
                graph algebras},
  journal    = {Math. Z.},
  fjournal   = {Mathematische Zeitschrift},
  volume     = {290},
  year       = {2018},
  number     = {1-2},
  pages      = {1--36},
  issn       = {0025-5874},
  mrclass    = {16G10 (05E18 16G20 18E30)},
  mrnumber   = {3848421},
  mrreviewer = {Wolfgang Rump},
  doi        = {10.1007/s00209-017-2006-9},
  url        = {https://doi.org/10.1007/s00209-017-2006-9}
}
@article{MR3461065,
  author     = {Adachi, Takahide},
  title      = {The classification of {$\tau$}-tilting modules over {N}akayama
                algebras},
  journal    = {J. Algebra},
  fjournal   = {Journal of Algebra},
  volume     = {452},
  year       = {2016},
  pages      = {227--262},
  issn       = {0021-8693},
  mrclass    = {16G10 (16E20)},
  mrnumber   = {3461065},
  mrreviewer = {Patrick Le Meur},
  doi        = {10.1016/j.jalgebra.2015.12.013},
  url        = {https://doi.org/10.1016/j.jalgebra.2015.12.013}
}
@inproceedings{MR3792468,
  author    = {Aoki, Toshitaka},
  title     = {Silting complexes over radical square zero algebras},
  booktitle = {Proceedings of the 50th {S}ymposium on {R}ing {T}heory and
               {R}epresentation {T}heory},
  pages     = {11--14},
  publisher = {Symp. Ring Theory Represent. Theory Organ. Comm., Yamanashi},
  year      = {2018},
  mrclass   = {16E05 (16E40)},
  mrnumber  = {3792468}
}
@article{asashiba2019simplicial,
  title   = {Simplicial complexes and tilting theory for {B}rauer tree algebras},
  author  = {Asashiba, Hideto and Mizuno, Yuya and Nakashima, Ken},
  journal = {arXiv preprint arXiv:1902.08774},
  year    = {2019}
}
@article{MR866779,
  author     = {Benson, D. J. and Carlson, J. F.},
  title      = {Nilpotent elements in the {G}reen ring},
  journal    = {J. Algebra},
  fjournal   = {Journal of Algebra},
  volume     = {104},
  year       = {1986},
  number     = {2},
  pages      = {329--350},
  issn       = {0021-8693},
  mrclass    = {20C20 (20C11)},
  mrnumber   = {866779},
  mrreviewer = {S. B. Conlon},
  doi        = {10.1016/0021-8693(86)90219-X},
  url        = {https://doi.org/10.1016/0021-8693(86)90219-X}
}
@article{MR3856858,
  author     = {Eisele, Florian and Janssens, Geoffrey and Raedschelders,
                Theo},
  title      = {A reduction theorem for {$\tau$}-rigid modules},
  journal    = {Math. Z.},
  fjournal   = {Mathematische Zeitschrift},
  volume     = {290},
  year       = {2018},
  number     = {3-4},
  pages      = {1377--1413},
  issn       = {0025-5874},
  mrclass    = {16G10},
  mrnumber   = {3856858},
  mrreviewer = {Mike Prest},
  doi        = {10.1007/s00209-018-2067-4},
  url        = {https://doi.org/10.1007/s00209-018-2067-4}
}
@article{MR1002456,
  author     = {Rickard, Jeremy},
  title      = {Morita theory for derived categories},
  journal    = {J. London Math. Soc. (2)},
  fjournal   = {Journal of the London Mathematical Society. Second Series},
  volume     = {39},
  year       = {1989},
  number     = {3},
  pages      = {436--456},
  issn       = {0024-6107},
  mrclass    = {18E30 (16D90)},
  mrnumber   = {1002456},
  mrreviewer = {Autorreferat},
  doi        = {10.1112/jlms/s2-39.3.436},
  url        = {https://doi.org/10.1112/jlms/s2-39.3.436}
}
@article{MR3687098,
  author     = {Aihara, Takuma and Mizuno, Yuya},
  title      = {Classifying tilting complexes over preprojective algebras of {D}ynkin type},
  journal    = {Algebra Number Theory},
  fjournal   = {Algebra \& Number Theory},
  volume     = {11},
  year       = {2017},
  number     = {6},
  pages      = {1287--1315},
  issn       = {1937-0652},
  mrclass    = {16G10 (18E30)},
  mrnumber   = {3687098},
  mrreviewer = {Hongxing Chen},
  doi        = {10.2140/ant.2017.11.1287},
  url        = {https://doi.org/10.2140/ant.2017.11.1287}
}
@article{okuyama1997some,
  title   = {Some examples of derived equivalent blocks of finite groups},
  author  = {Okuyama, Tetsuro},
  journal = {preprint},
  year    = {1997}
}
@article{MR1424599,
  author     = {Dade, Everett C.},
  title      = {Counting characters in blocks with cyclic defect groups. {I}},
  journal    = {J. Algebra},
  fjournal   = {Journal of Algebra},
  volume     = {186},
  year       = {1996},
  number     = {3},
  pages      = {934--969},
  issn       = {0021-8693},
  mrclass    = {20C20},
  mrnumber   = {1424599},
  mrreviewer = {J. L. Alperin},
  doi        = {10.1006/jabr.1996.0401},
  url        = {https://doi.org/10.1006/jabr.1996.0401}
}
@book{MR1064107,
  author     = {Erdmann, Karin},
  title      = {Blocks of tame representation type and related algebras},
  series     = {Lecture Notes in Mathematics},
  volume     = {1428},
  publisher  = {Springer-Verlag, Berlin},
  year       = {1990},
  pages      = {xvi+312},
  isbn       = {3-540-52709-5},
  mrclass    = {20C20 (16G60 16G70)},
  mrnumber   = {1064107},
  mrreviewer = {Peter W. Donovan},
  doi        = {10.1007/BFb0084003},
  url        = {https://doi.org/10.1007/BFb0084003}
}
@incollection{MR3823391,
  author     = {Schroll, Sibylle},
  title      = {Brauer graph algebras: a survey on {B}rauer graph algebras,
                associated gentle algebras and their connections to cluster
                theory},
  booktitle  = {Homological methods, representation theory, and cluster
                algebras},
  series     = {CRM Short Courses},
  pages      = {177--223},
  publisher  = {Springer, Cham},
  year       = {2018},
  mrclass    = {16G20 (05E18 13F60)},
  mrnumber   = {3823391},
  mrreviewer = {Stanis\l aw Kasjan}
}
@article{MR0472984,
  author     = {Bondarenko, V. M. and Drozd, Ju. A.},
  title      = {The representation type of finite groups},
  note       = {Modules and representations},
  journal    = {Zap. Nau\v{c}n. Sem. Leningrad. Otdel. Mat. Inst. Steklov. (LOMI)},
  fjournal   = {Zapiski Nau\v{c}nyh Seminarov Leningradskogo Otdelenija
                Matemati\v{c}eskogo Instituta im. V. A. Steklova Akademii Nauk
                SSSR (LOMI)},
  volume     = {71},
  year       = {1977},
  pages      = {24--41, 282},
  mrclass    = {20C20},
  mrnumber   = {0472984},
  mrreviewer = {I. Reiner}
}
@incollection{MR976638,
  author    = {Keller, B. and Vossieck, D.},
  title     = {Aisles in derived categories},
  booktitle = {Deuxi\`eme Contact Franco-Belge en Alg\`ebre (Faulx-les-Tombes,
               1987)},
  journal   = {Bull. Soc. Math. Belg. S\'{e}r. A},
  fjournal  = {Bulletin de la Soci\'{e}t\'{e} Math\'{e}matique de Belgique. S\'{e}rie A},
  volume    = {40},
  year      = {1988},
  number    = {2},
  pages     = {239--253},
  issn      = {0037-9476},
  mrclass   = {16A46 (16A64)},
  mrnumber  = {976638}
}
@article{keller1988aisles,
  title   = {Aisles in derived categories},
  author  = {Keller, Bernhard and Vossieck, Dieter},
  journal = {Bull. Soc. Math. Belg. S{\'e}r. A},
  volume  = {40},
  number  = {2},
  pages   = {239--253},
  year    = {1988}
}
@article{aokibinomtautilt,
  title   = {Brauer tree algebras have {$\binom{2n}{n}$} two-term tilting complexes},
  author  = {Aoki, Toshitaka},
  journal = {preprint}
}
@article{aokitwoterm,
  author = {Aoki, Toshitaka},
  year   = {2018},
  month  = {03},
  pages  = {},
  title  = {Two-term silting complexes over algebras with radical square zero}
}
@article{aoki2018torsion,
  title   = {Classifying torsion classes for algebras with radical square zero via sign decomposition},
  author  = {Aoki, Toshitaka},
  journal = {arXiv preprint arXiv:1803.03795v2},
  year    = {2018}
}
@book{MR998775,
  author     = {Nagao, Hirosi and Tsushima, Yukio},
  title      = {Representations of finite groups},
  publisher  = {Academic Press, Inc., Boston, MA},
  year       = {1989},
  pages      = {xviii+424},
  isbn       = {0-12-513660-9},
  mrclass    = {20Cxx (20-01 20C20)},
  mrnumber   = {998775},
  mrreviewer = {Roderick Gow}
}

@article{MR3178243,
  author     = {Koenig, Steffen and Yang, Dong},
  title      = {Silting objects, simple-minded collections, {$t$}-structures
                and co-{$t$}-structures for finite-dimensional algebras},
  journal    = {Doc. Math.},
  fjournal   = {Documenta Mathematica},
  volume     = {19},
  year       = {2014},
  pages      = {403--438},
  issn       = {1431-0635},
  mrclass    = {16E35 (18E30)},
  mrnumber   = {3178243},
  mrreviewer = {Octavio Mendoza Hern\'{a}ndez}
}
@incollection{MR3220536,
  author     = {Br\"{u}stle, Thomas and Yang, Dong},
  title      = {Ordered exchange graphs},
  booktitle  = {Advances in representation theory of algebras},
  series     = {EMS Ser. Congr. Rep.},
  pages      = {135--193},
  publisher  = {Eur. Math. Soc., Z\"{u}rich},
  year       = {2013},
  mrclass    = {18E30 (13F60 16E35 16G20)},
  mrnumber   = {3220536},
  mrreviewer = {Xueqing Chen}
}
@article{ASASHIBA2020119,
  title    = {Simplicial complexes and tilting theory for {B}rauer tree algebras},
  journal  = {Journal of Algebra},
  volume   = {551},
  pages    = {119 - 153},
  year     = {2020},
  issn     = {0021-8693},
  doi      = {https://doi.org/10.1016/j.jalgebra.2019.12.020},
  url      = {http://www.sciencedirect.com/science/article/pii/S0021869320300284},
  author   = {Hideto Asashiba and Yuya Mizuno and Ken Nakashima},
  keywords = {Brauer tree algebras, 2-term tilting complexes, Simplicial complexes, Derived invariants},
  abstract = {We study 2-term tilting complexes of Brauer tree algebras in terms of simplicial complexes. We show the symmetry and convexity of the lattice polytope corresponding to the simplicial complex of 2-term tilting complexes. Via a geometric interpretation of derived equivalences, we show that the f-vector of the simplicial complexes of Brauer tree algebras only depends on the number of the edges of the Brauer trees and hence it is a derived invariant. In particular, this result implies that the number of 2-term tilting complexes, which is in bijection with support τ-tilting modules, is a derived invariant. Moreover, we apply our result to the enumeration problem of Coxeter-biCatalan combinatorics.}
}
@article{MR3910476,
  author   = {Demonet, Laurent and Iyama, Osamu and Jasso, Gustavo},
  title    = {{$\tau$}-tilting finite algebras, bricks, and {$g$}-vectors},
  journal  = {Int. Math. Res. Not. IMRN},
  fjournal = {International Mathematics Research Notices. IMRN},
  year     = {2019},
  volume   = {2019},
  number   = {3},
  pages    = {852--892},
  issn     = {1073-7928},
  mrclass  = {16D90 (16G10 16G20)},
  mrnumber = {3910476},
  doi      = {10.1093/imrn/rnx135},
  url      = {https://doi.org/10.1093/imrn/rnx135}
}

@article{MR1947972,
  author     = {Rickard, Jeremy},
  title      = {Equivalences of derived categories for symmetric algebras},
  journal    = {J. Algebra},
  fjournal   = {Journal of Algebra},
  volume     = {257},
  year       = {2002},
  number     = {2},
  pages      = {460--481},
  issn       = {0021-8693},
  mrclass    = {16G10 (16G20 18E30 20C20)},
  mrnumber   = {1947972},
  mrreviewer = {Michael S. Barot},
  doi        = {10.1016/S0021-8693(02)00520-3},
  url        = {https://doi.org/10.1016/S0021-8693(02)00520-3}
}
@article{MR4139031,
  author   = {Asai, Sota},
  title    = {Semibricks},
  journal  = {Int. Math. Res. Not. IMRN},
  fjournal = {International Mathematics Research Notices. IMRN},
  volume   = {2020},
  year     = {2018},
  number   = {16},
  pages    = {4993--5054},
  issn     = {1073-7928},
  mrclass  = {16D60 (16D80 16G99)},
  mrnumber = {4139031},
  doi      = {10.1093/imrn/rny150},
  url      = {https://doi.org/10.1093/imrn/rny150}
}
@book{MR1644252,
  author    = {Benson, D. J.},
  title     = {Representations and cohomology. {I}},
  series    = {Cambridge Studies in Advanced Mathematics},
  volume    = {30},
  edition   = {Second},
  note      = {Basic representation theory of finite groups and associative
               algebras},
  publisher = {Cambridge University Press, Cambridge},
  year      = {1998},
  pages     = {xii+246},
  isbn      = {0-521-63653-1},
  mrclass   = {20-02 (20Cxx 20J06)},
  mrnumber  = {1644252}
}
		
@book{MR1634407,
  author    = {Benson, D. J.},
  title     = {Representations and cohomology. {II}},
  series    = {Cambridge Studies in Advanced Mathematics},
  volume    = {31},
  edition   = {Second},
  note      = {Cohomology of groups and modules},
  publisher = {Cambridge University Press, Cambridge},
  year      = {1998},
  pages     = {xii+279},
  isbn      = {0-521-63652-3},
  mrclass   = {20-02 (19-02 20Cxx 20Jxx 55-02)},
  mrnumber  = {1634407}
}
@article{koshio2020support,
  title   = {On support {$\tau$}-tilting modules over blocks covering cyclic blocks},
  author  = {Koshio, Ryotaro and Kozakai, Yuta},
  journal = {arXiv preprint arXiv:2004.12021},
  year    = {2020}
}
@incollection{MR3901172,
  author     = {Webb, Peter},
  title      = {Bilinear forms on {G}rothendieck groups of triangulated
                categories},
  booktitle  = {Geometric and topological aspects of the representation theory
                of finite groups},
  series     = {Springer Proc. Math. Stat.},
  volume     = {242},
  pages      = {465--480},
  publisher  = {Springer, Cham},
  year       = {2018},
  mrclass    = {16G70 (18E30 20C20)},
  mrnumber   = {3901172},
  mrreviewer = {Vanessa Miemietz},
  doi        = {10.1007/978-3-319-94033-5_19},
  url        = {https://doi.org/10.1007/978-3-319-94033-5_19}
}
@article{MR4243358,
  author   = {Koshio, Ryotaro and Kozakai, Yuta},
  title    = {On support {$\tau$}-tilting modules over blocks covering
              cyclic blocks},
  journal  = {J. Algebra},
  fjournal = {Journal of Algebra},
  volume   = {580},
  year     = {2021},
  pages    = {84--103},
  issn     = {0021-8693},
  mrclass  = {16G10 (20C20)},
  mrnumber = {4243358},
  doi      = {10.1016/j.jalgebra.2021.03.021},
  url      = {https://doi.org/10.1016/j.jalgebra.2021.03.021}
}
@article{MR1936495,
  author     = {Rickard, Jeremy and Schaps, Mary},
  title      = {Folded tilting complexes for {B}rauer tree algebras},
  journal    = {Adv. Math.},
  fjournal   = {Advances in Mathematics},
  volume     = {171},
  year       = {2002},
  number     = {2},
  pages      = {169--182},
  issn       = {0001-8708},
  mrclass    = {20C20 (16S34 18E30)},
  mrnumber   = {1936495},
  mrreviewer = {Alexander Zimmermann},
  doi        = {10.1006/aima.2001.2064},
  url        = {https://doi.org/10.1006/aima.2001.2064}
}
@article{doi:10.1080/00927872.2016.1233239,
  author     = {Yingying Zhang},
  doi        = {10.1080/00927872.2016.1233239},
  eprint     = {https://doi.org/10.1080/00927872.2016.1233239},
  journal    = {Communications in Algebra},
  number     = {6},
  pages      = {2726-2729},
  publisher  = {Taylor & Francis},
  title      = {On mutation of {$\tau$}-tilting modules},
  url        = {https://doi.org/10.1080/00927872.2016.1233239},
  volume     = {45},
  year       = {2017},
  bdsk-url-1 = {https://doi.org/10.1080/00927872.2016.1233239}
}
@article{MR3723626,
  author     = {Marks, Frederik and \v{S}\v{t}ov\'{\i}\v{c}ek, Jan},
  title      = {Torsion classes, wide subcategories and localisations},
  journal    = {Bull. Lond. Math. Soc.},
  fjournal   = {Bulletin of the London Mathematical Society},
  volume     = {49},
  year       = {2017},
  number     = {3},
  pages      = {405--416},
  issn       = {0024-6093},
  mrclass    = {18E40 (16G20 16S85)},
  mrnumber   = {3723626},
  mrreviewer = {Chrysostomos Psaroudakis},
  doi        = {10.1112/blms.12033},
  url        = {https://doi.org/10.1112/blms.12033}
}
@book{MR2197389,
  author     = {Assem, Ibrahim and Simson, Daniel and Skowro\'{n}ski, Andrzej},
  title      = {Elements of the representation theory of associative algebras.
                {V}ol. 1},
  series     = {London Mathematical Society Student Texts},
  volume     = {65},
  note       = {Techniques of representation theory},
  publisher  = {Cambridge University Press, Cambridge},
  year       = {2006},
  pages      = {x+458},
  isbn       = {978-0-521-58423-4; 978-0-521-58631-3; 0-521-58631-3},
  mrclass    = {16G10 (16-02)},
  mrnumber   = {2197389},
  mrreviewer = {Peter W. Donovan},
  doi        = {10.1017/CBO9780511614309},
  url        = {https://doi.org/10.1017/CBO9780511614309}
}
@article{MR1200878,
  author     = {Handel, David},
  title      = {On products in the cohomology of the dihedral groups},
  journal    = {Tohoku Math. J. (2)},
  fjournal   = {The Tohoku Mathematical Journal. Second Series},
  volume     = {45},
  year       = {1993},
  number     = {1},
  pages      = {13--42},
  issn       = {0040-8735},
  mrclass    = {20J06},
  mrnumber   = {1200878},
  mrreviewer = {C. B. Thomas},
  doi        = {10.2748/tmj/1178225952},
  url        = {https://doi.org/10.2748/tmj/1178225952}
}
@article{MR617088,
  author     = {Auslander, M. and Smal\o , Sverre O.},
  title      = {Almost split sequences in subcategories},
  journal    = {J. Algebra},
  fjournal   = {Journal of Algebra},
  volume     = {69},
  year       = {1981},
  number     = {2},
  pages      = {426--454},
  issn       = {0021-8693},
  mrclass    = {16A64},
  mrnumber   = {617088},
  mrreviewer = {K. W. Roggenkamp},
  doi        = {10.1016/0021-8693(81)90214-3},
  url        = {https://doi.org/10.1016/0021-8693(81)90214-3}
}
@misc{aoki2019classifying,
  title         = {Classifying torsion classes for algebras with radical square zero via sign decomposition},
  author        = {Toshitaka Aoki},
  year          = {2019},
  eprint        = {1803.03795},
  archiveprefix = {arXiv},
  primaryclass  = {math.RT},
  url           = {https://arxiv.org/abs/1803.03795v1}
}

@article{koshitaniBrauerIndecomposabilityScott2020,
  abstract   = {We give a sufficient condition for the \$kG\$-Scott module with vertex \$P\$ to remain indecomposable under taking the Brauer construction for any subgroup \$Q\$ of \$P\$ as \$k[Q\textbackslash,C\_G(Q)]\$-module, where \$k\$ is a field of characteristic \$2\$, and \$P\$ is a wreathed \$2\$-subgroup of a finite group \$G\$. This generalizes results for the cases where \$P\$ is abelian and some others. The motivation of this paper is that the Brauer indecomposability of a \$p\$-permutation bimodule (\$p\$ is a prime) is one of the key steps in order to obtain a splendid stable equivalence of Morita type by making use of the gluing method that then can possibly lift to a splendid derived equivalence.},
  author     = {Koshitani, Shigeo and Tuvay, {\.I}pek},
  date       = {2020-12-15},
  file       = {/Users/rkmacbookpro2020/Zotero/storage/6TLUG28Y/Koshitani and Tuvay - 2020 - The Brauer indecomposability of Scott modules with.pdf;/Users/rkmacbookpro2020/Zotero/storage/L8JEZQNS/2012.html},
  langid     = {english},
  title      = {The {{Brauer}} Indecomposability of {{Scott}} Modules with Wreathed \$2\$-Group Vertices},
  url        = {https://arxiv.org/abs/2012.08229v1},
  urldate    = {2021-12-11},
  bdsk-url-1 = {https://arxiv.org/abs/2012.08229v1}
}
